{"eth_usd":[{"type":"bid","price":1677.99999998,"amount":0.01,"tid":202724184,"timestamp":1659621019},{"type":"ask","price":1654.0000001,"amount":0.00650311,"tid":202724183,"timestamp":1659619102},{"type":"ask","price":1654.0000001,"amount":0.00664569,"tid":202724182,"timestamp":1659617323},{"type":"ask","price":1654.0000001,"amount":0.0164456,"tid":202724181,"timestamp":1659617015},{"type":"bid","price":1664.29999999,"amount":0.00031148,"tid":202724180,"timestamp":1659616822},{"type":"ask","price":1654.0000001,"amount":0.03,"tid":202724179,"timestamp":1659616565},{"type":"bid","price":1665.09999999,"amount":0.00205625,"tid":202724178,"timestamp":1659616468},{"type":"bid","price":1666,"amount":0.00072768,"tid":202724177,"timestamp":1659616081},{"type":"ask","price":1654,"amount":0.00205656,"tid":202724176,"timestamp":1659616079},{"type":"ask","price":1654,"amount":0.00205656,"tid":202724175,"timestamp":1659616076},{"type":"ask","price":1654,"amount":0.00778334,"tid":202724174,"timestamp":1659616075},{"type":"ask","price":1654.0000001,"amount":0.00258666,"tid":202724173,"timestamp":1659616075},{"type":"ask","price":1654.0000001,"amount":0.00115434,"tid":202724172,"timestamp":1659616072},{"type":"ask","price":1658.73171201,"amount":0.0008,"tid":202724171,"timestamp":1659616072},{"type":"ask","price":1661.45069672,"amount":0.00010222,"tid":202724170,"timestamp":1659616072},{"type":"bid","price":1666,"amount":0.15,"tid":202724169,"timestamp":1659614618},{"type":"bid","price":1666,"amount":0.0003334,"tid":202724168,"timestamp":1659614091},{"type":"bid","price":1666,"amount":0.01780664,"tid":202724167,"timestamp":1659614077},{"type":"bid","price":1666,"amount":0.00035674,"tid":202724166,"timestamp":1659613656},{"type":"bid","price":1666,"amount":0.00038466,"tid":202724165,"timestamp":1659613345},{"type":"bid","price":1666,"amount":0.0004238,"tid":202724164,"timestamp":1659613286},{"type":"bid","price":1666,"amount":0.00024596,"tid":202724163,"timestamp":1659613277},{"type":"ask","price":1665.10000006,"amount":0.00027919,"tid":202724162,"timestamp":1659613084},{"type":"bid","price":1666,"amount":0.00042539,"tid":202724161,"timestamp":1659612387},{"type":"bid","price":1666,"amount":0.00027608,"tid":202724160,"timestamp":1659612351},{"type":"ask","price":1665.10000004,"amount":0.00084154,"tid":202724159,"timestamp":1659612349},{"type":"bid","price":1666,"amount":0.00011261,"tid":202724158,"timestamp":1659612329},{"type":"bid","price":1666,"amount":0.00018514,"tid":202724157,"timestamp":1659612327},{"type":"bid","price":1679.8,"amount":0.00027608,"tid":202724156,"timestamp":1659611478},{"type":"bid","price":1686.49999988,"amount":0.00118588,"tid":202724155,"timestamp":1659602380},{"type":"ask","price":1665,"amount":0.00049262,"tid":202724154,"timestamp":1659600151},{"type":"ask","price":1665.0000001,"amount":0.00010133,"tid":202724153,"timestamp":1659600150},{"type":"ask","price":1654.0000203,"amount":0.12,"tid":202724152,"timestamp":1659598578},{"type":"ask","price":1657.80000033,"amount":0.00010553,"tid":202724151,"timestamp":1659598558},{"type":"ask","price":1662.4,"amount":0.00010147,"tid":202724150,"timestamp":1659598545},{"type":"ask","price":1669.17400717,"amount":0.00010389,"tid":202724149,"timestamp":1659598542},{"type":"ask","price":1669.84091676,"amount":0.0008,"tid":202724148,"timestamp":1659598538},{"type":"bid","price":1675,"amount":0.00064525,"tid":202724147,"timestamp":1659597406},{"type":"bid","price":1675,"amount":0.00064525,"tid":202724146,"timestamp":1659597399},{"type":"bid","price":1675,"amount":0.00064525,"tid":202724145,"timestamp":1659597391},{"type":"bid","price":1675,"amount":0.00907298,"tid":202724144,"timestamp":1659597248},{"type":"bid","price":1675,"amount":0.012,"tid":202724143,"timestamp":1659597212},{"type":"ask","price":1674.85043952,"amount":0.00037118,"tid":202724142,"timestamp":1659596393},{"type":"bid","price":1678,"amount":0.00145654,"tid":202724141,"timestamp":1659595218},{"type":"bid","price":1678,"amount":0.00024596,"tid":202724140,"timestamp":1659595216},{"type":"bid","price":1678,"amount":0.00042128,"tid":202724139,"timestamp":1659595214},{"type":"bid","price":1678,"amount":0.0002526,"tid":202724138,"timestamp":1659595213},{"type":"bid","price":1678,"amount":0.00052358,"tid":202724137,"timestamp":1659595211},{"type":"ask","price":1678.20685321,"amount":0.00069968,"tid":202724136,"timestamp":1659595209},{"type":"ask","price":1680,"amount":0.01190476,"tid":202724135,"timestamp":1659594285},{"type":"ask","price":1681.58497591,"amount":0.00010076,"tid":202724134,"timestamp":1659594285},{"type":"ask","price":1682.25324027,"amount":0.0008,"tid":202724133,"timestamp":1659594285},{"type":"ask","price":1685.51000018,"amount":0.00135591,"tid":202724132,"timestamp":1659594115},{"type":"ask","price":1685.51000018,"amount":0.00310449,"tid":202724131,"timestamp":1659594115},{"type":"ask","price":1685.51000018,"amount":0.00453015,"tid":202724130,"timestamp":1659594115},{"type":"ask","price":1685.51000018,"amount":0.00205048,"tid":202724129,"timestamp":1659594115},{"type":"ask","price":1685.51000018,"amount":0.00223043,"tid":202724128,"timestamp":1659594115},{"type":"ask","price":1685.51000018,"amount":0.00122023,"tid":202724127,"timestamp":1659594114},{"type":"ask","price":1685.51000018,"amount":0.00602176,"tid":202724126,"timestamp":1659594114},{"type":"ask","price":1685.51000018,"amount":0.00918939,"tid":202724125,"timestamp":1659594114},{"type":"ask","price":1685.51000018,"amount":0.00603785,"tid":202724124,"timestamp":1659594114},{"type":"ask","price":1685.51000018,"amount":0.00255083,"tid":202724123,"timestamp":1659593898},{"type":"ask","price":1685.51000018,"amount":0.00015293,"tid":202724122,"timestamp":1659593898},{"type":"ask","price":1685.51000018,"amount":0.00398294,"tid":202724121,"timestamp":1659593898},{"type":"ask","price":1685.51000018,"amount":0.00444359,"tid":202724120,"timestamp":1659593898},{"type":"ask","price":1685.51000018,"amount":0.00193337,"tid":202724119,"timestamp":1659593898},{"type":"ask","price":1691.25291482,"amount":0.00010001,"tid":202724118,"timestamp":1659593789},{"type":"bid","price":1699.5,"amount":0.00559188,"tid":202724117,"timestamp":1659589235},{"type":"ask","price":1685.51000028,"amount":0.13635046,"tid":202724116,"timestamp":1659584857},{"type":"ask","price":1685.7,"amount":0.012,"tid":202724115,"timestamp":1659584857},{"type":"ask","price":1685.51000018,"amount":0.00063116,"tid":202724114,"timestamp":1659583531},{"type":"ask","price":1685.51000018,"amount":0.00164988,"tid":202724113,"timestamp":1659583531},{"type":"ask","price":1685.51000018,"amount":0.00048344,"tid":202724112,"timestamp":1659583531},{"type":"ask","price":1685.51000018,"amount":0.00048974,"tid":202724111,"timestamp":1659583531},{"type":"ask","price":1685.51000018,"amount":0.00195939,"tid":202724110,"timestamp":1659583531},{"type":"ask","price":1685.51000018,"amount":0.0015404,"tid":202724109,"timestamp":1659583531},{"type":"ask","price":1685.51000018,"amount":0.0009253,"tid":202724108,"timestamp":1659583531},{"type":"ask","price":1685.51000018,"amount":0.00056747,"tid":202724107,"timestamp":1659583531},{"type":"ask","price":1685.51000018,"amount":0.01322399,"tid":202724106,"timestamp":1659583531},{"type":"ask","price":1686.7,"amount":0.012,"tid":202724105,"timestamp":1659583531},{"type":"ask","price":1686.70000001,"amount":0.01503101,"tid":202724104,"timestamp":1659583531},{"type":"bid","price":1699.9,"amount":0.00204111,"tid":202724103,"timestamp":1659580081},{"type":"bid","price":1699.9,"amount":0.00084525,"tid":202724102,"timestamp":1659580078},{"type":"bid","price":1699.95,"amount":0.00134979,"tid":202724101,"timestamp":1659577155},{"type":"bid","price":1699.95,"amount":0.00309046,"tid":202724100,"timestamp":1659577155},{"type":"bid","price":1699.95,"amount":0.00450968,"tid":202724099,"timestamp":1659577155},{"type":"bid","price":1699.95,"amount":0.00204122,"tid":202724098,"timestamp":1659577155},{"type":"bid","price":1699.95,"amount":0.00222035,"tid":202724097,"timestamp":1659577155},{"type":"bid","price":1699.95,"amount":0.00121472,"tid":202724096,"timestamp":1659577155},{"type":"bid","price":1699.95,"amount":0.00599454,"tid":202724095,"timestamp":1659577154},{"type":"bid","price":1699.95,"amount":0.00914786,"tid":202724094,"timestamp":1659577154},{"type":"bid","price":1699.95,"amount":0.00854986,"tid":202724093,"timestamp":1659577154},{"type":"bid","price":1699.95,"amount":0.00015224,"tid":202724092,"timestamp":1659577154},{"type":"bid","price":1699.95,"amount":0.00396494,"tid":202724091,"timestamp":1659577154},{"type":"bid","price":1699.95,"amount":0.00442351,"tid":202724090,"timestamp":1659577154},{"type":"bid","price":1699.95,"amount":0.00255294,"tid":202724089,"timestamp":1659577154},{"type":"bid","price":1699.9,"amount":0.00059474,"tid":202724088,"timestamp":1659577117},{"type":"bid","price":1699.95,"amount":0.00164243,"tid":202724087,"timestamp":1659577106},{"type":"bid","price":1699.95,"amount":0.00048126,"tid":202724086,"timestamp":1659577106},{"type":"bid","price":1699.95,"amount":0.00048753,"tid":202724085,"timestamp":1659577106},{"type":"bid","price":1699.95,"amount":0.00195054,"tid":202724084,"timestamp":1659577106},{"type":"bid","price":1699.95,"amount":0.00153344,"tid":202724083,"timestamp":1659577105},{"type":"bid","price":1699.95,"amount":0.00092112,"tid":202724082,"timestamp":1659577105},{"type":"bid","price":1699.95,"amount":0.00056491,"tid":202724081,"timestamp":1659577105},{"type":"bid","price":1699.95,"amount":0.01159481,"tid":202724080,"timestamp":1659577105},{"type":"bid","price":1699.9,"amount":0.000102,"tid":202724079,"timestamp":1659577105},{"type":"bid","price":1699.9,"amount":0.012,"tid":202724078,"timestamp":1659577105},{"type":"bid","price":1697.68859996,"amount":0.00073789,"tid":202724077,"timestamp":1659575144},{"type":"bid","price":1697.58839996,"amount":0.00010445,"tid":202724076,"timestamp":1659575143},{"type":"bid","price":1697.58839996,"amount":0.00073789,"tid":202724075,"timestamp":1659575142},{"type":"bid","price":1693.9,"amount":0.00010328,"tid":202724074,"timestamp":1659575031},{"type":"bid","price":1693.8,"amount":0.012,"tid":202724073,"timestamp":1659575030},{"type":"bid","price":1693.79999999,"amount":0.00726248,"tid":202724072,"timestamp":1659575030},{"type":"ask","price":1687.2,"amount":0.00779588,"tid":202724071,"timestamp":1659573120},{"type":"bid","price":1686.69999999,"amount":0.000101,"tid":202724070,"timestamp":1659573120},{"type":"bid","price":1686.49999999,"amount":0.00010312,"tid":202724069,"timestamp":1659573120},{"type":"bid","price":1685.8,"amount":0.002,"tid":202724068,"timestamp":1659573120},{"type":"bid","price":1685.8,"amount":0.01,"tid":202724067,"timestamp":1659573108},{"type":"ask","price":1676.27118645,"amount":0.0008,"tid":202724066,"timestamp":1659568498},{"type":"ask","price":1676.5,"amount":0.00619729,"tid":202724065,"timestamp":1659565829},{"type":"ask","price":1676.5,"amount":0.00146211,"tid":202724064,"timestamp":1659565829},{"type":"bid","price":1676.5,"amount":0.00556224,"tid":202724063,"timestamp":1659565696},{"type":"bid","price":1676.5,"amount":0.00042755,"tid":202724062,"timestamp":1659565694},{"type":"ask","price":1676.5,"amount":0.00191242,"tid":202724061,"timestamp":1659565692},{"type":"ask","price":1676.3,"amount":0.012,"tid":202724060,"timestamp":1659565377},{"type":"bid","price":1676.3,"amount":0.00024916,"tid":202724059,"timestamp":1659565276},{"type":"bid","price":1676.3,"amount":0.00989655,"tid":202724058,"timestamp":1659565274},{"type":"ask","price":1676.3,"amount":0.012,"tid":202724057,"timestamp":1659565274},{"type":"ask","price":1679.8,"amount":0.012,"tid":202724056,"timestamp":1659565166},{"type":"bid","price":1679.8,"amount":0.00052358,"tid":202724055,"timestamp":1659564723},{"type":"bid","price":1679.8,"amount":0.0009388,"tid":202724054,"timestamp":1659564722},{"type":"bid","price":1679.8,"amount":0.00042128,"tid":202724053,"timestamp":1659564721},{"type":"ask","price":1679.8,"amount":0.012,"tid":202724052,"timestamp":1659564720},{"type":"ask","price":1685.51000018,"amount":0.00393991,"tid":202724051,"timestamp":1659564177},{"type":"ask","price":1685.51000018,"amount":0.00309046,"tid":202724050,"timestamp":1659564177},{"type":"ask","price":1685.6,"amount":0.012,"tid":202724049,"timestamp":1659564071},{"type":"ask","price":1687.80000001,"amount":0.01505836,"tid":202724048,"timestamp":1659563859},{"type":"bid","price":1699.95,"amount":0.00072235,"tid":202724047,"timestamp":1659563673},{"type":"bid","price":1699.95,"amount":0.00024756,"tid":202724046,"timestamp":1659563672},{"type":"bid","price":1699.95,"amount":0.0002757,"tid":202724045,"timestamp":1659563607},{"type":"bid","price":1699.95,"amount":0.0003238,"tid":202724044,"timestamp":1659563583},{"type":"bid","price":1699.95,"amount":0.0013804,"tid":202724043,"timestamp":1659562712},{"type":"bid","price":1699.95,"amount":0.00061922,"tid":202724042,"timestamp":1659562671},{"type":"bid","price":1699.95,"amount":0.00094203,"tid":202724041,"timestamp":1659562671},{"type":"bid","price":1699.95,"amount":0.00030876,"tid":202724040,"timestamp":1659562670},{"type":"bid","price":1699.95,"amount":0.00030639,"tid":202724039,"timestamp":1659562665},{"type":"bid","price":1699.95,"amount":0.00036531,"tid":202724038,"timestamp":1659562576},{"type":"bid","price":1699.95,"amount":0.00036814,"tid":202724037,"timestamp":1659562573},{"type":"bid","price":1699.95,"amount":0.00017654,"tid":202724036,"timestamp":1659562562},{"type":"bid","price":1699.95,"amount":0.00017291,"tid":202724035,"timestamp":1659562561}]}